%% This BibTeX bibliography file was created using BibDesk.
%% https://bibdesk.sourceforge.io/

%% Created for Justin Furlotte at 2022-07-10 17:57:12 -0700 


%% Saved with string encoding Unicode (UTF-8) 



@article{Combes,
	abstract = {We prove the existence of localized states at the edges of the bands for the two-dimensional Landau Hamiltonian with a random potential, of arbitrary disorder, provided that the magnetic field is sufficiently large. The corresponding eigenfunctions decay exponentially with the magnetic field and distance. We also prove that the integrated density of states is Lipschitz continuous away from the Landau energies. The proof relies on a Wegner estimate for the finite-area magnetic Hamiltonians with random potentials and exponential decay estimates for the finitearea Green's functions. The proof of the decay estimates for the Green's functions uses fundamental results from two-dimensional bond percolation theory.},
	author = {Combes, J. M. and Hislop, P. D.},
	da = {1996/04/01},
	date-added = {2022-07-10 17:54:54 -0700},
	date-modified = {2022-07-10 17:54:54 -0700},
	doi = {10.1007/BF02099540},
	id = {Combes1996},
	isbn = {1432-0916},
	journal = {Communications in Mathematical Physics},
	number = {3},
	pages = {603--629},
	title = {Landau Hamiltonians with random potentials: Localization and the density of states},
	ty = {JOUR},
	url = {https://doi.org/10.1007/BF02099540},
	volume = {177},
	year = {1996},
	Bdsk-Url-1 = {https://doi.org/10.1007/BF02099540}}

@article{Bachmann:Exactness,
	author = {S. Bachmann, Wojciech De Roeck, Martin Fraas and Markus Lange},
	date-added = {2022-07-05 20:44:22 -0700},
	date-modified = {2022-07-05 20:48:30 -0700},
	journal = {Annales Henri Poincare},
	pages = {1113--1132},
	title = {Exactness of Linear Response in the Quantum Hall Effect},
	volume = {22},
	year = {2021}}

@article{Bachmann:Bloch,
	author = {Sven Bachmann and Martin Fraas},
	doi = {10.1142/s0129055x20600119},
	journal = {Reviews in Mathematical Physics},
	month = {jul},
	number = {01},
	pages = {2060011},
	publisher = {World Scientific Pub Co Pte Lt},
	title = {On the absence of stationary currents},
	url = {https://doi.org/10.1142%2Fs0129055x20600119},
	volume = {33},
	year = 2020,
	Bdsk-Url-1 = {https://doi.org/10.1142%2Fs0129055x20600119},
	Bdsk-Url-2 = {https://doi.org/10.1142/s0129055x20600119}}

@article{Anderson,
	author = {Anderson, P. W.},
	date-modified = {2022-07-10 17:57:12 -0700},
	doi = {10.1103/PhysRev.109.1492},
	issue = {5},
	journal = {Phys. Rev.},
	month = {Mar},
	numpages = {0},
	pages = {1492--1505},
	publisher = {American Physical Society},
	title = {Absence of Diffusion in Certain Random Lattices},
	url = {https://link.aps.org/doi/10.1103/PhysRev.109.1492},
	volume = {109},
	year = {1958},
	Bdsk-Url-1 = {https://link.aps.org/doi/10.1103/PhysRev.109.1492},
	Bdsk-Url-2 = {https://doi.org/10.1103/PhysRev.109.1492}}

@article{Graf:Noninteracting,
	author = {A. Elgart, G.M. Graf, J.H. Schenker},
	date-added = {2022-07-05 18:42:09 -0700},
	date-modified = {2022-07-05 18:43:08 -0700},
	journal = {Commun. Math. Phys.},
	pages = {185--221},
	title = {Equality of the Bulk and Edge Hall Conductances in a Mobility Gap},
	volume = {259},
	year = {2005}}

@article{Bachmann_2021,
	author = {Sven Bachmann and Alex Bols and Wojciech De Roeck and Martin Fraas},
	doi = {10.1063/5.0021511},
	journal = {Journal of Mathematical Physics},
	month = {jan},
	number = {1},
	pages = {011901},
	publisher = {{AIP} Publishing},
	title = {Rational indices for quantum ground state sectors},
	url = {https://doi.org/10.1063%2F5.0021511},
	volume = {62},
	year = 2021,
	Bdsk-Url-1 = {https://doi.org/10.1063%2F5.0021511},
	Bdsk-Url-2 = {https://doi.org/10.1063/5.0021511}}

@article{Bachmann_2019,
	author = {Sven Bachmann and Alex Bols and Wojciech De Roeck and Martin Fraas},
	doi = {10.1007/s00220-019-03537-x},
	journal = {Communications in Mathematical Physics},
	month = {jul},
	number = {2},
	pages = {1249--1272},
	publisher = {Springer Science and Business Media {LLC}},
	title = {A Many-Body Index for Quantum Charge Transport},
	url = {https://doi.org/10.1007%2Fs00220-019-03537-x},
	volume = {375},
	year = 2019,
	Bdsk-Url-1 = {https://doi.org/10.1007%2Fs00220-019-03537-x},
	Bdsk-Url-2 = {https://doi.org/10.1007/s00220-019-03537-x}}

@misc{https://doi.org/10.48550/arxiv.1811.08699,
	author = {Bachmann, Sven and Bols, Alex and De Roeck, Wojciech and Fraas, Martin},
	copyright = {arXiv.org perpetual, non-exclusive license},
	doi = {10.48550/ARXIV.1811.08699},
	keywords = {Mathematical Physics (math-ph), Statistical Mechanics (cond-mat.stat-mech), Quantum Physics (quant-ph), FOS: Physical sciences, FOS: Physical sciences},
	publisher = {arXiv},
	title = {Note on linear response for interacting Hall insulators},
	url = {https://arxiv.org/abs/1811.08699},
	year = {2018},
	Bdsk-Url-1 = {https://arxiv.org/abs/1811.08699},
	Bdsk-Url-2 = {https://doi.org/10.48550/ARXIV.1811.08699}}

@misc{https://doi.org/10.48550/arxiv.1808.09985,
	author = {Bachmann, Sven and De Roeck, Wojciech and Fraas, Martin},
	copyright = {arXiv.org perpetual, non-exclusive license},
	doi = {10.48550/ARXIV.1808.09985},
	keywords = {Mathematical Physics (math-ph), Statistical Mechanics (cond-mat.stat-mech), FOS: Physical sciences, FOS: Physical sciences},
	publisher = {arXiv},
	title = {The adiabatic theorem in a quantum many-body setting},
	url = {https://arxiv.org/abs/1808.09985},
	year = {2018},
	Bdsk-Url-1 = {https://arxiv.org/abs/1808.09985},
	Bdsk-Url-2 = {https://doi.org/10.48550/ARXIV.1808.09985}}

@article{Bachmann_2017,
	author = {S. Bachmann and W. De Roeck and M. Fraas},
	doi = {10.1103/physrevlett.119.060201},
	journal = {Physical Review Letters},
	month = {aug},
	number = {6},
	publisher = {American Physical Society ({APS})},
	title = {Adiabatic Theorem for Quantum Spin Systems},
	url = {https://doi.org/10.1103%2Fphysrevlett.119.060201},
	volume = {119},
	year = 2017,
	Bdsk-Url-1 = {https://doi.org/10.1103%2Fphysrevlett.119.060201},
	Bdsk-Url-2 = {https://doi.org/10.1103/physrevlett.119.060201}}

@book{Naaijkens,
	address = {Oxford; New York},
	author = {Pieter Naaijkens},
	edition = {First},
	publisher = {Springer},
	series = {Lecture Notes in Physics},
	title = {Quantum Spin Systems on Infinite Lattices},
	volume = {933},
	year = {2017}}

@book{Tong,
	address = {Cambridge},
	author = {David Tong},
	edition = {First},
	series = {TIFR Infosys Lectures},
	title = {The Quantum Hall effect},
	year = {2016}}

@misc{Shapiro,
	author = {Jacob Shapiro},
	title = {Notes on Topological Aspects of Condensed Matter Physics},
	year = {2016}}

@article{Graf:Aspects,
	author = {Graf, Gian},
	doi = {10.1090/pspum/076.1/2310213},
	isbn = {9780821842485},
	month = {01},
	title = {Aspects of the Integer Quantum Hall Effect},
	year = {2007},
	Bdsk-Url-1 = {https://doi.org/10.1090/pspum/076.1/2310213}}

@misc{https://doi.org/10.48550/arxiv.1707.06491,
	author = {Bachmann, Sven and Bols, Alex and De Roeck, Wojciech and Fraas, Martin},
	copyright = {arXiv.org perpetual, non-exclusive license},
	doi = {10.48550/ARXIV.1707.06491},
	keywords = {Mathematical Physics (math-ph), Statistical Mechanics (cond-mat.stat-mech), Quantum Physics (quant-ph), FOS: Physical sciences, FOS: Physical sciences},
	publisher = {arXiv},
	title = {Quantization of conductance in gapped interacting systems},
	url = {https://arxiv.org/abs/1707.06491},
	year = {2017},
	Bdsk-Url-1 = {https://arxiv.org/abs/1707.06491},
	Bdsk-Url-2 = {https://doi.org/10.48550/ARXIV.1707.06491}}

@article{Schulz_Baldes_1999,
	author = {Hermann Schulz-Baldes and Johannes Kellendonk and Thomas Richter},
	doi = {10.1088/0305-4470/33/2/102},
	journal = {Journal of Physics A: Mathematical and General},
	month = {dec},
	number = {2},
	pages = {L27--L32},
	publisher = {{IOP} Publishing},
	title = {Simultaneous quantization of edge and bulk Hall conductivity},
	url = {https://doi.org/10.1088%2F0305-4470%2F33%2F2%2F102},
	volume = {33},
	year = 1999,
	Bdsk-Url-1 = {https://doi.org/10.1088%2F0305-4470%2F33%2F2%2F102},
	Bdsk-Url-2 = {https://doi.org/10.1088/0305-4470/33/2/102}}

@article{Bachmann_2011,
	author = {Sven Bachmann and Spyridon Michalakis and Bruno Nachtergaele and Robert Sims},
	doi = {10.1007/s00220-011-1380-0},
	journal = {Communications in Mathematical Physics},
	month = {nov},
	number = {3},
	pages = {835--871},
	publisher = {Springer Science and Business Media {LLC}},
	title = {Automorphic Equivalence within Gapped Phases of Quantum Lattice Systems},
	url = {https://doi.org/10.1007%2Fs00220-011-1380-0},
	volume = {309},
	year = 2011,
	Bdsk-Url-1 = {https://doi.org/10.1007%2Fs00220-011-1380-0},
	Bdsk-Url-2 = {https://doi.org/10.1007/s00220-011-1380-0}}

@article{Bravyi_2006,
	author = {S. Bravyi and M. B. Hastings and F. Verstraete},
	doi = {10.1103/physrevlett.97.050401},
	journal = {Physical Review Letters},
	month = {jul},
	number = {5},
	publisher = {American Physical Society ({APS})},
	title = {Lieb-Robinson Bounds and the Generation of Correlations and Topological Quantum Order},
	url = {https://doi.org/10.1103%2Fphysrevlett.97.050401},
	volume = {97},
	year = 2006,
	Bdsk-Url-1 = {https://doi.org/10.1103%2Fphysrevlett.97.050401},
	Bdsk-Url-2 = {https://doi.org/10.1103/physrevlett.97.050401}}

@article{Nachtergaele:LR,
	author = {Bruno Nachtergaele and Yoshiko Ogata and Robert Sims},
	doi = {10.1007/s10955-006-9143-6},
	journal = {Journal of Statistical Physics},
	month = {jul},
	number = {1},
	pages = {1--13},
	publisher = {Springer Science and Business Media {LLC}},
	title = {Propagation of Correlations in Quantum Lattice Systems},
	url = {https://doi.org/10.1007%2Fs10955-006-9143-6},
	volume = {124},
	year = 2006,
	Bdsk-Url-1 = {https://doi.org/10.1007%2Fs10955-006-9143-6},
	Bdsk-Url-2 = {https://doi.org/10.1007/s10955-006-9143-6}}

@article{Nachtergaele:Clustering,
	author = {Bruno Nachtergaele and Robert Sims},
	doi = {10.1007/s00220-006-1556-1},
	journal = {Communications in Mathematical Physics},
	month = {mar},
	number = {1},
	pages = {119--130},
	publisher = {Springer Science and Business Media {LLC}},
	title = {Lieb-Robinson Bounds and the Exponential Clustering Theorem},
	url = {https://doi.org/10.1007%2Fs00220-006-1556-1},
	volume = {265},
	year = 2006,
	Bdsk-Url-1 = {https://doi.org/10.1007%2Fs00220-006-1556-1},
	Bdsk-Url-2 = {https://doi.org/10.1007/s00220-006-1556-1}}

@book{davies_1995,
	author = {Davies, E. Brian},
	collection = {Cambridge Studies in Advanced Mathematics},
	doi = {10.1017/CBO9780511623721},
	place = {Cambridge},
	publisher = {Cambridge University Press},
	series = {Cambridge Studies in Advanced Mathematics},
	title = {Spectral Theory and Differential Operators},
	year = {1995},
	Bdsk-Url-1 = {https://doi.org/10.1017/CBO9780511623721}}

@book{reedsimon,
	author = {M. Reed, B. Simon},
	publisher = {Academic Press},
	title = {Methods of Modern Mathematical Physics I: Functional Analysis},
	year = {1972}}

@article{VonKlitzing,
	author = {von Klitzing, Klaus},
	doi = {10.1103/RevModPhys.58.519},
	issue = {3},
	journal = {Rev. Mod. Phys.},
	month = {Jul},
	numpages = {0},
	pages = {519--531},
	publisher = {American Physical Society},
	title = {The quantized Hall effect},
	url = {https://link.aps.org/doi/10.1103/RevModPhys.58.519},
	volume = {58},
	year = {1986},
	Bdsk-Url-1 = {https://link.aps.org/doi/10.1103/RevModPhys.58.519},
	Bdsk-Url-2 = {https://doi.org/10.1103/RevModPhys.58.519}}

@article{Laughlin,
	author = {Laughlin, R. B.},
	doi = {10.1103/PhysRevB.23.5632},
	issue = {10},
	journal = {Phys. Rev. B},
	month = {May},
	numpages = {0},
	pages = {5632--5633},
	publisher = {American Physical Society},
	title = {Quantized Hall conductivity in two dimensions},
	url = {https://link.aps.org/doi/10.1103/PhysRevB.23.5632},
	volume = {23},
	year = {1981},
	Bdsk-Url-1 = {https://link.aps.org/doi/10.1103/PhysRevB.23.5632},
	Bdsk-Url-2 = {https://doi.org/10.1103/PhysRevB.23.5632}}
