%% This BibTeX bibliography file was created using BibDesk.
%% https://bibdesk.sourceforge.io/

%% Created for Justin Furlotte at 2022-07-05 21:01:07 -0700 


%% Saved with string encoding Unicode (UTF-8) 



@article{Bachmann:Exactness,
	author = {S. Bachmann, Wojciech De Roeck, Martin Fraas and Markus Lange},
	date-added = {2022-07-05 20:44:22 -0700},
	date-modified = {2022-07-05 20:48:30 -0700},
	journal = {Annales Henri Poincare},
	pages = {1113--1132},
	title = {Exactness of Linear Response in the Quantum Hall Effect},
	volume = {22},
	year = {2021}}

@article{Bachmann:Bloch,
	author = {Sven Bachmann and Martin Fraas},
	doi = {10.1142/s0129055x20600119},
	journal = {Reviews in Mathematical Physics},
	month = {jul},
	number = {01},
	pages = {2060011},
	publisher = {World Scientific Pub Co Pte Lt},
	title = {On the absence of stationary currents},
	url = {https://doi.org/10.1142%2Fs0129055x20600119},
	volume = {33},
	year = 2020,
	Bdsk-Url-1 = {https://doi.org/10.1142%2Fs0129055x20600119},
	Bdsk-Url-2 = {https://doi.org/10.1142/s0129055x20600119}}


@article{Graf:Noninteracting,
	author = {A. Elgart, G.M. Graf, J.H. Schenker},
	date-added = {2022-07-05 18:42:09 -0700},
	date-modified = {2022-07-05 18:43:08 -0700},
	journal = {Commun. Math. Phys.},
	pages = {185--221},
	title = {Equality of the Bulk and Edge Hall Conductances in a Mobility Gap},
	volume = {259},
	year = {2005}}

@article{Bachmann_2021,
	author = {Sven Bachmann and Alex Bols and Wojciech De Roeck and Martin Fraas},
	doi = {10.1063/5.0021511},
	journal = {Journal of Mathematical Physics},
	month = {jan},
	number = {1},
	pages = {011901},
	publisher = {{AIP} Publishing},
	title = {Rational indices for quantum ground state sectors},
	url = {https://doi.org/10.1063%2F5.0021511},
	volume = {62},
	year = 2021,
	Bdsk-Url-1 = {https://doi.org/10.1063%2F5.0021511},
	Bdsk-Url-2 = {https://doi.org/10.1063/5.0021511}}

@article{Bachmann_2019,
	author = {Sven Bachmann and Alex Bols and Wojciech De Roeck and Martin Fraas},
	doi = {10.1007/s00220-019-03537-x},
	journal = {Communications in Mathematical Physics},
	month = {jul},
	number = {2},
	pages = {1249--1272},
	publisher = {Springer Science and Business Media {LLC}},
	title = {A Many-Body Index for Quantum Charge Transport},
	url = {https://doi.org/10.1007%2Fs00220-019-03537-x},
	volume = {375},
	year = 2019,
	Bdsk-Url-1 = {https://doi.org/10.1007%2Fs00220-019-03537-x},
	Bdsk-Url-2 = {https://doi.org/10.1007/s00220-019-03537-x}}

@misc{https://doi.org/10.48550/arxiv.1811.08699,
	author = {Bachmann, Sven and Bols, Alex and De Roeck, Wojciech and Fraas, Martin},
	copyright = {arXiv.org perpetual, non-exclusive license},
	doi = {10.48550/ARXIV.1811.08699},
	keywords = {Mathematical Physics (math-ph), Statistical Mechanics (cond-mat.stat-mech), Quantum Physics (quant-ph), FOS: Physical sciences, FOS: Physical sciences},
	publisher = {arXiv},
	title = {Note on linear response for interacting Hall insulators},
	url = {https://arxiv.org/abs/1811.08699},
	year = {2018},
	Bdsk-Url-1 = {https://arxiv.org/abs/1811.08699},
	Bdsk-Url-2 = {https://doi.org/10.48550/ARXIV.1811.08699}}

@misc{https://doi.org/10.48550/arxiv.1808.09985,
	author = {Bachmann, Sven and De Roeck, Wojciech and Fraas, Martin},
	copyright = {arXiv.org perpetual, non-exclusive license},
	doi = {10.48550/ARXIV.1808.09985},
	keywords = {Mathematical Physics (math-ph), Statistical Mechanics (cond-mat.stat-mech), FOS: Physical sciences, FOS: Physical sciences},
	publisher = {arXiv},
	title = {The adiabatic theorem in a quantum many-body setting},
	url = {https://arxiv.org/abs/1808.09985},
	year = {2018},
	Bdsk-Url-1 = {https://arxiv.org/abs/1808.09985},
	Bdsk-Url-2 = {https://doi.org/10.48550/ARXIV.1808.09985}}

@article{Bachmann_2017,
	author = {S. Bachmann and W. De Roeck and M. Fraas},
	doi = {10.1103/physrevlett.119.060201},
	journal = {Physical Review Letters},
	month = {aug},
	number = {6},
	publisher = {American Physical Society ({APS})},
	title = {Adiabatic Theorem for Quantum Spin Systems},
	url = {https://doi.org/10.1103%2Fphysrevlett.119.060201},
	volume = {119},
	year = 2017,
	Bdsk-Url-1 = {https://doi.org/10.1103%2Fphysrevlett.119.060201},
	Bdsk-Url-2 = {https://doi.org/10.1103/physrevlett.119.060201}}

@book{Naaijkens,
	address = {Oxford; New York},
	author = {Pieter Naaijkens},
	edition = {First},
	publisher = {Springer},
	series = {Lecture Notes in Physics},
	title = {Quantum Spin Systems on Infinite Lattices},
	volume = {933},
	year = {2017}}

@book{Tong,
	address = {Cambridge},
	author = {David Tong},
	edition = {First},
	series = {TIFR Infosys Lectures},
	title = {The Quantum Hall effect},
	year = {2016}}

@misc{Shapiro,
	author = {Jacob Shapiro},
	title = {Notes on Topological Aspects of Condensed Matter Physics},
	year = {2016}}

@article{Graf:Aspects,
	author = {Graf, Gian},
	year = {2007},
	month = {01},
	pages = {},
	title = {Aspects of the Integer Quantum Hall Effect},
	isbn = {9780821842485},
	doi = {10.1090/pspum/076.1/2310213}}

@misc{https://doi.org/10.48550/arxiv.1707.06491,
  doi = {10.48550/ARXIV.1707.06491},
  
  url = {https://arxiv.org/abs/1707.06491},
  
  author = {Bachmann, Sven and Bols, Alex and De Roeck, Wojciech and Fraas, Martin},
  
  keywords = {Mathematical Physics (math-ph), Statistical Mechanics (cond-mat.stat-mech), Quantum Physics (quant-ph), FOS: Physical sciences, FOS: Physical sciences},
  
  title = {Quantization of conductance in gapped interacting systems},
  
  publisher = {arXiv},
  
  year = {2017},
  
  copyright = {arXiv.org perpetual, non-exclusive license}
}

@article{Schulz_Baldes_1999,
	doi = {10.1088/0305-4470/33/2/102},
  
	url = {https://doi.org/10.1088%2F0305-4470%2F33%2F2%2F102},
  
	year = 1999,
	month = {dec},
  
	publisher = {{IOP} Publishing},
  
	volume = {33},
  
	number = {2},
  
	pages = {L27--L32},
  
	author = {Hermann Schulz-Baldes and Johannes Kellendonk and Thomas Richter},
  
	title = {Simultaneous quantization of edge and bulk Hall conductivity},
  
	journal = {Journal of Physics A: Mathematical and General}
}

@article{Bachmann_2011,
	doi = {10.1007/s00220-011-1380-0},
  
	url = {https://doi.org/10.1007%2Fs00220-011-1380-0},
  
	year = 2011,
	month = {nov},
  
	publisher = {Springer Science and Business Media {LLC}},
  
	volume = {309},
  
	number = {3},
  
	pages = {835--871},
  
	author = {Sven Bachmann and Spyridon Michalakis and Bruno Nachtergaele and Robert Sims},
  
	title = {Automorphic Equivalence within Gapped Phases of Quantum Lattice Systems},
  
	journal = {Communications in Mathematical Physics}
}

@article{Bravyi_2006,
	doi = {10.1103/physrevlett.97.050401},
  
	url = {https://doi.org/10.1103%2Fphysrevlett.97.050401},
  
	year = 2006,
	month = {jul},
  
	publisher = {American Physical Society ({APS})},
  
	volume = {97},
  
	number = {5},
  
	author = {S. Bravyi and M. B. Hastings and F. Verstraete},
  
	title = {Lieb-Robinson Bounds and the Generation of Correlations and Topological Quantum Order},
  
	journal = {Physical Review Letters}
}

@article{Nachtergaele:LR,
	doi = {10.1007/s10955-006-9143-6},
  
	url = {https://doi.org/10.1007%2Fs10955-006-9143-6},
  
	year = 2006,
	month = {jul},
  
	publisher = {Springer Science and Business Media {LLC}
},
  
	volume = {124},
  
	number = {1},
  
	pages = {1--13},
  
	author = {Bruno Nachtergaele and Yoshiko Ogata and Robert Sims},
  
	title = {Propagation of Correlations in Quantum Lattice Systems},
  
	journal = {Journal of Statistical Physics}
}

@article{Nachtergaele:Clustering,
	doi = {10.1007/s00220-006-1556-1},
  
	url = {https://doi.org/10.1007%2Fs00220-006-1556-1},
  
	year = 2006,
	month = {mar},
  
	publisher = {Springer Science and Business Media {LLC}
},
  
	volume = {265},
  
	number = {1},
  
	pages = {119--130},
  
	author = {Bruno Nachtergaele and Robert Sims},
  
	title = {Lieb-Robinson Bounds and the Exponential Clustering Theorem},
  
	journal = {Communications in Mathematical Physics}
}

@book{davies_1995, 
	place={Cambridge}, 
	series={Cambridge Studies in Advanced Mathematics}, 
	title={Spectral Theory and Differential Operators}, 
	DOI={10.1017/CBO9780511623721}, 
	publisher={Cambridge University Press}, 
	author={Davies, E. Brian}, 
	year={1995}, 
	collection={Cambridge Studies in Advanced Mathematics}}